<?xml version="1.0" encoding="UTF-8"?><collection xmlns="http://www.loc.gov/MARC21/slim"><record><leader>00428nam--2200133-i-4500</leader><controlfield tag="001">000035563</controlfield><controlfield tag="002">20161230</controlfield><controlfield tag="005">20161230201040</controlfield><controlfield tag="008">060222s1000------------r-----000-0-eng-d</controlfield><datafield ind1=" " ind2=" " tag="080"><subfield code="a">620.179.1</subfield></datafield><datafield ind1=" " ind2=" " tag="100"><subfield code="a">Musil, Jindrich And Zacek, Frantisek</subfield></datafield><datafield ind1=" " ind2=" " tag="245"><subfield code="a">Microwave measurements of complex permittivity by  free space methods and their applications</subfield></datafield><datafield ind1=" " ind2=" " tag="260"><subfield code="a">Prague, Czechoslovak Academy Of Sciences, 1986, 276p</subfield></datafield><datafield ind1=" " ind2=" " tag="852"><subfield code="a">73519</subfield></datafield></record></collection>